


% Sifteo Cubes

@MISC{ website:Sifteo,
	author = {Sifteo Inc.},
	title = {The offical FAQ for Sifteo Cubes},
	month = mar,
	year = {2013},
	howpublished = {\url{http://www.sifteo.com/faq}}
}
% JS Good Parts
@book { book:JavascriptGoodParts,
	author = {Douglas Crockford},
	month = may,
	yearÂ = {2008},
	publisher = {O'Reilly Media / Yahoo Press}
	
}



% StackOverflow


% 


\


